<record><leader>00000cas a22000007a 4500</leader><controlfield tag="001">10508087</controlfield><controlfield tag="008">840310d18341845maudn ne      0    0eng d</controlfield><datafield ind1=" " ind2=" " tag="010"><subfield code="a">sn 84022617 </subfield></datafield><datafield ind1=" " ind2=" " tag="040"><subfield code="a">NPX</subfield><subfield code="b">eng</subfield><subfield code="c">NPX</subfield><subfield code="d">NPU</subfield><subfield code="d">NPY</subfield><subfield code="d">DLC</subfield><subfield code="d">NPT</subfield><subfield code="d">NYG</subfield><subfield code="d">MGN</subfield><subfield code="d">NVK</subfield><subfield code="d">OCL</subfield><subfield code="d">DLC</subfield><subfield code="d">OCLCF</subfield><subfield code="d">COO</subfield><subfield code="d">OCLCO</subfield></datafield><datafield ind1="1" ind2=" " tag="029"><subfield code="a">AU@</subfield><subfield code="b">000020129087</subfield></datafield><datafield ind1=" " ind2=" " tag="042"><subfield code="a">msc</subfield></datafield><datafield ind1=" " ind2=" " tag="043"><subfield code="a">n-us-ma</subfield></datafield><datafield ind1="0" ind2="0" tag="050"><subfield code="a">Newspaper</subfield></datafield><datafield ind1="0" ind2=" " tag="130"><subfield code="a">Evening mercantile journal (Boston, Mass. : Daily)</subfield></datafield><datafield ind1="1" ind2="0" tag="245"><subfield code="a">Evening mercantile journal.</subfield></datafield><datafield ind1="1" ind2="0" tag="246"><subfield code="a">Evening journal</subfield></datafield><datafield ind1=" " ind2=" " tag="260"><subfield code="a">Boston [Mass.] :</subfield><subfield code="b">Ford &amp; Damrell,</subfield><subfield code="c">1834-1845.</subfield></datafield><datafield ind1=" " ind2=" " tag="300"><subfield code="a">v. ;</subfield><subfield code="c">58 cm.</subfield></datafield><datafield ind1=" " ind2=" " tag="310"><subfield code="a">Daily (except Sun.)</subfield></datafield><datafield ind1="0" ind2=" " tag="362"><subfield code="a">Vol. 1, no. 259 (Jan. 1, 1834)-v. 12, no. 3711 (Mar. 31, 1845).</subfield></datafield><datafield ind1=" " ind2=" " tag="500"><subfield code="a">Published by John Ford, Feb. 9, 1835-Apr. 22, 1837; Sleeper, Dix &amp; Rogers, Apr. 24, 1837-Apr. 15, 1842; Sleeper &amp; Rogers, Apr. 16, 1842-1845.</subfield></datafield><datafield ind1=" " ind2=" " tag="500"><subfield code="a">"Mercantile" appears in title ornament, Nov. 20, 1839-1845.</subfield></datafield><datafield ind1=" " ind2=" " tag="580"><subfield code="a">Triweekly ed.: Evening mercantile journal (Boston, Mass. : Triweekly), 1834-1841.</subfield></datafield><datafield ind1=" " ind2=" " tag="580"><subfield code="a">Semiweekly ed.: Boston mercantile journal (Boston, Mass. : Semiweekly).</subfield></datafield><datafield ind1=" " ind2=" " tag="580"><subfield code="a">Weekly eds.: Spirit of the age, and journal of humanity, 1834; Boston mercantile journal, and spirit of the age, 1834-1837; Boston mercantile journal (Boston, Mass. : 1837), 1837-1845.</subfield></datafield><datafield ind1=" " ind2="0" tag="651"><subfield code="a">Boston (Mass.)</subfield><subfield code="v">Newspapers.</subfield></datafield><datafield ind1=" " ind2="7" tag="651"><subfield code="a">Massachusetts</subfield><subfield code="z">Boston.</subfield><subfield code="2">fast</subfield><subfield code="0">(OCoLC)fst01205012</subfield></datafield><datafield ind1=" " ind2="7" tag="655"><subfield code="a">Newspapers.</subfield><subfield code="2">fast</subfield><subfield code="0">(OCoLC)fst01423814</subfield></datafield><datafield ind1=" " ind2=" " tag="752"><subfield code="a">United States</subfield><subfield code="b">Massachusetts</subfield><subfield code="c">Suffolk</subfield><subfield code="d">Boston.</subfield></datafield><datafield ind1="1" ind2=" " tag="775"><subfield code="t">Evening mercantile journal (Boston, Mass. : Triweekly)</subfield><subfield code="w">(DLC)sn 84022628</subfield></datafield><datafield ind1="1" ind2=" " tag="775"><subfield code="t">Boston mercantile journal (Boston, Mass. : 1837)</subfield><subfield code="w">(DLC)sn 84022624</subfield></datafield><datafield ind1="1" ind2=" " tag="775"><subfield code="t">Spirit of the age, and journal of humanity</subfield><subfield code="w">(DLC)sn 84023758</subfield></datafield><datafield ind1="1" ind2=" " tag="775"><subfield code="t">Boston mercantile journal, and spirit of the age</subfield><subfield code="w">(DLC)sn 84022623</subfield></datafield><datafield ind1="1" ind2=" " tag="775"><subfield code="t">Boston mercantile journal (Boston, Mass. : Semiweekly)</subfield><subfield code="w">(DLC)sn 84022620</subfield></datafield><datafield ind1="0" ind2="0" tag="780"><subfield code="t">Boston mercantile journal (Boston, Mass. : 1833)</subfield><subfield code="w">(DLC)sn 83045017</subfield></datafield><datafield ind1="0" ind2="0" tag="785"><subfield code="t">Boston daily journal (Boston, Mass. : 1845)</subfield><subfield code="w">(DLC)sn 84022618</subfield></datafield></record>